<record><leader>00000cas a22000007a 4500</leader><controlfield tag="001">13321966</controlfield><controlfield tag="008">860321d19011902wyuwr ne      0    0eng d</controlfield><datafield ind1=" " ind2=" " tag="010"><subfield code="a">sn 86091225 </subfield></datafield><datafield ind1=" " ind2=" " tag="040"><subfield code="a">UNP</subfield><subfield code="b">eng</subfield><subfield code="c">UNP</subfield><subfield code="d">OCLCQ</subfield></datafield><datafield ind1=" " ind2=" " tag="042"><subfield code="a">msc</subfield></datafield><datafield ind1=" " ind2="4" tag="050"><subfield code="a">AN2.W8</subfield><subfield code="b">S87</subfield></datafield><datafield ind1="0" ind2="0" tag="245"><subfield code="a">Star Valley pioneer.</subfield></datafield><datafield ind1=" " ind2=" " tag="260"><subfield code="a">Afton, Wyo. :</subfield><subfield code="b">E. Vaterhaus</subfield></datafield><datafield ind1=" " ind2=" " tag="300"><subfield code="a">v. :</subfield><subfield code="b">ill.</subfield></datafield><datafield ind1=" " ind2=" " tag="310"><subfield code="a">Weekly</subfield></datafield><datafield ind1="1" ind2=" " tag="362"><subfield code="a">Began in 1901; ceased in 1902.</subfield><subfield code="z">Cf. Homsher, L. Guide to Wyo. newspapers, 1867-1967.</subfield></datafield><datafield ind1=" " ind2=" " tag="580"><subfield code="a">Suspended in 1902, continued by: Star Valley independent, Sept. 9, 1904. Cf. Homsher, L. Guide to Wyo. newspapers, 1867-1967.</subfield></datafield><datafield ind1=" " ind2=" " tag="588"><subfield code="a">Description based on: Vol. 1, no. 17 (June 5, 1901).</subfield></datafield><datafield ind1=" " ind2=" " tag="752"><subfield code="a">United States</subfield><subfield code="b">Wyoming</subfield><subfield code="c">Lincoln</subfield><subfield code="d">Afton.</subfield></datafield><datafield ind1="1" ind2="0" tag="785"><subfield code="t">Star Valley independent</subfield><subfield code="w">(DLC)sn 86091226</subfield><subfield code="w">(OCoLC)13322011</subfield></datafield></record>